
@online{render_pdf_page,
    author = "CodingEntrepreneurs",
    title = "HTML Template to PDF in Django",
    url  = "https://www.codingforentrepreneurs.com/blog/html-template-to-pdf-in-django/",
    addendum = "(accessed: 08.07.2023)",
    keywords = "pdf,template,render,django"
}
@online{video_render_pdf,
    author = "CodingEntrepreneurs",
    title = "Render a Django HTML Template to a PDF file // Django Utility // CFE // Render_to_PDF",
    url  = "https://www.youtube.com/watch?v=B7EIK9yVtGY",
    addendum = "(accessed: 08.07.2023)",
    keywords = "pdfvideo,django"
}
@online{django_mail,
    author = "Django Documentation",
    title = "Sending email",
    url  = "https://docs.djangoproject.com/en/4.2/topics/email/",
    addendum = "(accessed: 08.07.2023)",
    keywords = "mail,django"
}
@online{postfix,
    author = "POSTFIX",
    title = "The Postfix Home Page",
    url  = "https://www.postfix.org/",
    addendum = "(accessed: 09.07.2023)",
    keywords = "postfix,mail"
}
@online{postfixwiki,
    author = "POSTFIX",
    title = "Postfix",
    url  = "https://es.wikipedia.org/wiki/Postfix",
    addendum = "(accessed: 09.07.2023)",
    keywords = "postfix,mail"
}
@online{conection_refused,
    author = "Ajay Gupta",
    title = "Django - [Errno 111] Connection refused",
    url  = "https://stackoverflow.com/questions/5802189/django-errno-111-connection-refused",
    addendum = "(accessed: 09.07.2023)",
    keywords = "postfix,mail,django"
}